<record><leader>00000cas a22000007a 4500</leader><controlfield tag="001">16072918</controlfield><controlfield tag="008">870625d18401841deuir ne      0    0eng  </controlfield><datafield ind1=" " ind2=" " tag="010"><subfield code="a">sn 87062246 </subfield></datafield><datafield ind1=" " ind2=" " tag="040"><subfield code="a">DLC</subfield><subfield code="b">eng</subfield><subfield code="c">DLC</subfield><subfield code="d">OCLCQ</subfield></datafield><datafield ind1=" " ind2=" " tag="042"><subfield code="a">msc</subfield></datafield><datafield ind1="0" ind2="0" tag="050"><subfield code="a">Newspaper 7269-X</subfield></datafield><datafield ind1="0" ind2="0" tag="245"><subfield code="a">Democratic free press, and farmers', manufacturers' and mechanics' advocate.</subfield></datafield><datafield ind1=" " ind2=" " tag="260"><subfield code="a">Wilmington, Del. :</subfield><subfield code="b">Wm. M. Naudain</subfield></datafield><datafield ind1=" " ind2=" " tag="300"><subfield code="a">v. :</subfield><subfield code="b">ill. (chiefly advertisements) ;</subfield><subfield code="c">59 cm.</subfield></datafield><datafield ind1=" " ind2=" " tag="310"><subfield code="a">Triweekly</subfield></datafield><datafield ind1="1" ind2=" " tag="362"><subfield code="a">Began in 1840; ceased with May 1, 1841 issue.</subfield></datafield><datafield ind1=" " ind2=" " tag="588"><subfield code="a">Description based on: Vol. 1, no. 141 (Apr. 3, 1841).</subfield></datafield><datafield ind1=" " ind2=" " tag="752"><subfield code="a">United States</subfield><subfield code="b">Delaware</subfield><subfield code="c">New Castle</subfield><subfield code="d">Wilmington.</subfield></datafield><datafield ind1="0" ind2="0" tag="780"><subfield code="t">Delaware sentinel and farmers' and mechanics' advocate</subfield><subfield code="w">(DLC)sn 84020397</subfield></datafield><datafield ind1="0" ind2="7" tag="785"><subfield code="t">American Republican</subfield><subfield code="w">(DLC)sn 84020421</subfield></datafield><datafield ind1="0" ind2="7" tag="785"><subfield code="t">Delaware Republican and farmers', manufacturers' and mechanics' advocate</subfield><subfield code="w">(DLC)sn 82014718</subfield></datafield><datafield ind1="1" ind2=" " tag="029"><subfield code="a">AU@</subfield><subfield code="b">000025784753</subfield></datafield></record>